<?xml version="1.0" encoding="utf-8"?>
<record xmlns="http://www.loc.gov/MARC21/slim" xmlns:xsi="http://www.w3.org/2001/XMLSchema-instance" xsi:schemaLocation="http://www.loc.gov/MARC21/slim http://www.loc.gov/standards/marcxml/schema/MARC21slim.xsd">
	<leader>     nam a22     Mi 4500</leader>
	<controlfield tag="001">b1194934x</controlfield>
	<controlfield tag="003">UaCaAUL</controlfield>
	<controlfield tag="006">m        d        </controlfield>
	<controlfield tag="007">cr cn |||m|||a</controlfield>
	<controlfield tag="008">200513m18891892le      ob    000 0 ara  </controlfield>
	<datafield ind1=" " ind2=" " tag="040">
		<subfield code="a">ZYU</subfield>
		<subfield code="b">ara</subfield>
		<subfield code="e">rda</subfield>
		<subfield code="c">ZYU</subfield>
	</datafield>
	<datafield ind1=" " ind2="4" tag="050">
		<subfield code="a">PJ7750.S55</subfield>
		<subfield code="b">A17 1889</subfield>
	</datafield>
	<datafield ind1="1" ind2=" " tag="100">
		<subfield code="6">880-01</subfield>
		<subfield code="a">Sharīf al-Raḍī, Muḥammad ibn al-Ḥusayn,</subfield>
		<subfield code="d">969 or 970-1016,</subfield>
		<subfield code="e">author.</subfield>
	</datafield>
	<datafield ind1="1" ind2="0" tag="245">
		<subfield code="6">880-02</subfield>
		<subfield code="a">Dīwān ashʻar al-Hāshimīyīn alladhīna hum afṣaḥ al-ʻArab al-ʻArbāʼ farʻ al-shajarah al-nabawīyah allatī aṣluhā thābit wa-farʻuhā fī al-samāʼ al-Sayyid al-Sharīf Muḥammad ibn Abī Aḥmad al-Ḥusayn al-mulaqqab bi-al-Raḍī al-Mūsawī al-ʻalawī dhī al-ḥasabayn imām al-lughah wa-qudwat al-balāghah wa-al-faṣāḥah raḍiya̋ Allāh ₀anhu āmīn /</subfield>
		<subfield code="c">qad ṣuḥḥiḥa ʻalá ʻiddat nusakh muʻtabarah wa-shuriḥat alfāẓuhu al-gharībah bi-kamāl al-diqqah wa-al-iʻtināʼ bi-maʻrifat multazim ṭabʻihi al-faqīr Aḥmad ʻAbbās al-Azharī.</subfield>
	</datafield>
	<datafield ind1=" " ind2="1" tag="264">
		<subfield code="6">880-03</subfield>
		<subfield code="a">Bayrūt :</subfield>
		<subfield code="b">al-Maṭbaʻah al-Adabīyah,</subfield>
		<subfield code="c">1307 [1889]</subfield>
	</datafield>
	<datafield ind1=" " ind2="2" tag="264">
		<subfield code="6">880-04</subfield>
		<subfield code="a">Bayrūt :</subfield>
		<subfield code="b">al-Matktabah al-ʻUthmānīyah.</subfield>
	</datafield>
	<datafield ind1=" " ind2=" " tag="300">
		<subfield code="a">online resource (2 volumes)</subfield>
	</datafield>
	<datafield ind1=" " ind2=" " tag="336">
		<subfield code="a">text</subfield>
		<subfield code="2">rdacontent</subfield>
	</datafield>
	<datafield ind1=" " ind2=" " tag="337">
		<subfield code="a">computer</subfield>
		<subfield code="2">rdamedia</subfield>
	</datafield>
	<datafield ind1=" " ind2=" " tag="338">
		<subfield code="a">online resource</subfield>
		<subfield code="2">rdacarrier</subfield>
	</datafield>
	<datafield ind1=" " ind2=" " tag="500">
		<subfield code="6">880-05</subfield>
		<subfield code="a">Ṭubiʻa bi-rukhṣat Majlis Maʻārif Wilāyat Bayrūt al-muʼarrakhah fī 28 Māyis sanat 306 wa-Nūmrū 346.</subfield>
	</datafield>
	<datafield ind1=" " ind2=" " tag="500">
		<subfield code="6">880-06</subfield>
		<subfield code="a">Colophon dated: 9 Rabīʻ al-Anwar sanat 1310.</subfield>
	</datafield>
	<datafield ind1=" " ind2=" " tag="500">
		<subfield code="a">Part of the Arabic Collections Online (ACO) project, contributed by American University in Cairo Library.</subfield>
	</datafield>
	<datafield ind1=" " ind2=" " tag="504">
		<subfield code="a">Includes bibliographical references.</subfield>
	</datafield>
	<datafield ind1=" " ind2=" " tag="533">
		<subfield code="a">Electronic reproduction.</subfield>
		<subfield code="b">New York, N.Y. :</subfield>
		<subfield code="c">New York University,</subfield>
		<subfield code="d">2020.</subfield>
		<subfield code="5">NNU</subfield>
	</datafield>
	<datafield ind1="1" ind2="0" tag="600">
		<subfield code="6">880-07</subfield>
		<subfield code="a">Sharīf al-Raḍī, Muḥammad ibn al-Ḥusayn,</subfield>
		<subfield code="d">969 or 970-1016.</subfield>
		<subfield code="t">Dīwān.</subfield>
	</datafield>
	<datafield ind1=" " ind2="0" tag="650">
		<subfield code="a">Arabic poetry</subfield>
		<subfield code="x">History and criticism</subfield>
		<subfield code="v">Early works to 1800.</subfield>
	</datafield>
	<datafield ind1=" " ind2="0" tag="650">
		<subfield code="a">Arabic poetry</subfield>
		<subfield code="y">10th century.</subfield>
	</datafield>
	<datafield ind1=" " ind2="7" tag="650">
		<subfield code="a">Arabic poetry.</subfield>
		<subfield code="2">fast</subfield>
		<subfield code="0">(OCoLC)fst00812533</subfield>
	</datafield>
	<datafield ind1=" " ind2="7" tag="648">
		<subfield code="a">900-999</subfield>
		<subfield code="2">fast</subfield>
	</datafield>
	<datafield ind1=" " ind2="7" tag="655">
		<subfield code="a">Criticism, interpretation, etc.</subfield>
		<subfield code="2">fast</subfield>
		<subfield code="0">(OCoLC)fst01411635</subfield>
	</datafield>
	<datafield ind1=" " ind2="7" tag="655">
		<subfield code="a">Early works.</subfield>
		<subfield code="2">fast</subfield>
		<subfield code="0">(OCoLC)fst01411636</subfield>
	</datafield>
	<datafield ind1="1" ind2=" " tag="700">
		<subfield code="6">880-08</subfield>
		<subfield code="a">Azharī, Aḥmad ʻAbbās,</subfield>
		<subfield code="d">1853 or 1854-1926 or 1927,</subfield>
		<subfield code="e">editor.</subfield>
	</datafield>
	<datafield ind1="1" ind2=" " tag="700">
		<subfield code="6">880-09</subfield>
		<subfield code="a">Labābīdī, Muḥammad ibn Salīm,</subfield>
		<subfield code="e">editor.</subfield>
	</datafield>
	<datafield ind1="2" ind2=" " tag="710">
		<subfield code="a">American University in Cairo.</subfield>
		<subfield code="b">Library.</subfield>
	</datafield>
	<datafield ind1="0" ind2=" " tag="730">
		<subfield code="a">Arabic Collections Online.</subfield>
	</datafield>
	<datafield ind1="0" ind2="8" tag="776">
		<subfield code="i">Print version:</subfield>
		<subfield code="a">Sharīf al-Raḍī, Muḥammad ibn al-Ḥusayn, 969 or 970-1016, author.</subfield>
		<subfield code="t">Dīwān ashʻar al-Hāshimīyīn alladhīna hum afṣaḥ al-ʻArab al-ʻArbāʼ farʻ al-shajarah al-nabawīyah allatī aṣluhā thābit wa-farʻuhā fī al-samāʼ al-Sayyid al-Sharīf Muḥammad ibn Abī Aḥmad al-Ḥusayn al-mulaqqab bi-al-Raḍī al-Mūsawī al-ʻalawī dhī al-ḥasabayn imām al-lughah wa-qudwat al-balāghah wa-al-faṣāḥah raḍiya̋ Allāh ₀anhu āmīn</subfield>
		<subfield code="w">(UaCaAUL)b1194934x</subfield>
		<subfield code="w">(DLC)   59054263 </subfield>
		<subfield code="w">(OCoLC)23511978</subfield>
	</datafield>
	<datafield ind1="4" ind2="0" tag="856">
		<subfield code="u">http://hdl.handle.net/2333.1/rfj6qg24</subfield>
	</datafield>
	<datafield ind1="1" ind2=" " tag="880">
		<subfield code="6">100-01</subfield>
		<subfield code="a">شريف الرضي، محمد بن الحسين،</subfield>
		<subfield code="d">969 أو 970-1016.</subfield>
	</datafield>
	<datafield ind1="1" ind2="0" tag="880">
		<subfield code="6">245-02</subfield>
		<subfield code="a">ديوان أشعر الهاشميين الذين هم أفصح العرب العرباء فرع الشجرة النبوية التي أصلها ثابت وفرعها في السماء السيد الشريف محمد بن أبي أحمد الحسين الملقب بالرضي الموسوي العلوي ذي الحسبين إمام اللغة وقدوة البلاغة والفصاحة رضي الله عنه آمين /</subfield>
		<subfield code="c">قد صحح على عدة نسخ معتبرة وشرحت ألفاظه الغريبة بكمال الدقة والاعتناء بمعرفة ملتزم طبعه الفقير أحمد عباس الأزهري.</subfield>
	</datafield>
	<datafield ind1=" " ind2="1" tag="880">
		<subfield code="6">264-03</subfield>
		<subfield code="a">بيروت :</subfield>
		<subfield code="b">المطبعة الأدبية،</subfield>
		<subfield code="c">1307 [1889]</subfield>
	</datafield>
	<datafield ind1=" " ind2="2" tag="880">
		<subfield code="6">264-04</subfield>
		<subfield code="a">بيروت :</subfield>
		<subfield code="b">المتكتبة العثمانية.</subfield>
	</datafield>
	<datafield ind1=" " ind2=" " tag="880">
		<subfield code="6">500-05</subfield>
		<subfield code="a">طبع برخصة مجلس معارف ولاية بيروت المؤرخة في 28 مايس سنة 306 ونومرو 346.</subfield>
	</datafield>
	<datafield ind1=" " ind2=" " tag="880">
		<subfield code="6">500-06</subfield>
		<subfield code="a">Colophon dated: 9 ربيع الأنور سنة 1310.</subfield>
	</datafield>
	<datafield ind1="1" ind2="4" tag="880">
		<subfield code="6">600-07</subfield>
		<subfield code="a">شريف الرضي، محمد بن الحسين،,</subfield>
		<subfield code="d">969 أو 970-1016.</subfield>
		<subfield code="t">ديوان.</subfield>
	</datafield>
	<datafield ind1="1" ind2=" " tag="880">
		<subfield code="6">700-08</subfield>
		<subfield code="a">أزهري، أحمد عباس،</subfield>
		<subfield code="d">1853 أو 1854-1926 أو 1927.</subfield>
	</datafield>
	<datafield ind1="1" ind2=" " tag="880">
		<subfield code="6">700-09</subfield>
		<subfield code="a">لبابيدي، محمد بن سليم.</subfield>
	</datafield>
	<datafield ind1=" " ind2=" " tag="959">
		<subfield code="a">NNU</subfield>
		<subfield code="b">WEB</subfield>
		<subfield code="c">GENI</subfield>
		<subfield code="t">0</subfield>
		<subfield code="m">Electronic access</subfield>
		<subfield code="s">01</subfield>
	</datafield>
	<datafield ind1=" " ind2=" " tag="999">
		<subfield code="i">UaCaAUL_b1194934x</subfield>
		<subfield code="o">(OCoLC)ocm23511978</subfield>
		<subfield code="s">auc_aco001138:2 v. in 1</subfield>
		<subfield code="s">auc_aco001138:2 v. in 1</subfield>
	</datafield>
</record>
